@INPROCEEDINGS{10142790,
  author={Akshya, J and Mehra, Vinit and Sundarrajan, M. and Sri, Pattapu Teja and Choudhry, Mani Deepak},
  booktitle={2023 7th International Conference on Intelligent Computing and Control Systems (ICICCS)}, 
  title={Efficient Net-based Expert System for Personalized Facial Skincare Recommendations}, 
  year={2023},
  volume={},
  number={},
  pages={1151-1156},
  keywords={Training;Filtering;Social networking (online);Biological system modeling;Transfer learning;Collaboration;Skin;Deep Learning;Recommendation System;Skin Tone;Skin Type;Acne;Transfer Learning;EfficientNet},
  doi={10.1109/ICICCS56967.2023.10142790}}


@misc{ig-explore,
	author = "Meta AI",
	title = "Powered by AI: Instagramâ€™s Explore recommender system",
	howpublished = "\url{https://ai.meta.com/blog/powered-by-ai-instagrams-explore-recommender-system/}",
    year = {2019}
}

@misc{ig-new-content,
  author = "Meta AI",
  title = {How Instagram Suggests New Content},
  howpublished = {\url{https://engineering.fb.com/2020/12/10/web/how-instagram-suggests-new-content/}},
  year = {2020}
}

@misc{scaling-ig-explore,
  author = "Meta AI",
  title = {Scaling the Instagram Explore recommendations system},
  howpublished = {\url{https://engineering.fb.com/2023/08/09/ml-applications/scaling-instagram-explore-recommendations-system//}},
  year = {2023}
}



@misc{twitter_algorithm_diagram,
    author = {Twitter},
    title = {Twitter Recommendation Algorithm},
    howpublished = {\url{https://github.com/twitter/the-algorithm/blob/main/docs/system-diagram.png}},
    year = {2023}
}